
@article{Mahadevan97selfImprovingFactory,
    author = {Sridhar Mahadevan and Nicholas Marchalleck and Tapas K. Das and A. Gosavi},
    title = {Self-Improving Factory Simulation using Continuous-time Average-Reward Reinforcement Learning},
    booktitle = {Proceedings of the 14th International Conference on Machine Learning},
    year = {1997},
    pages = {202--210},
    publisher = {Morgan Kaufmann}
}

@article{precup2000temporal,
  title={Temporal abstraction in reinforcement learning},
  author={Precup, Doina},
  year={2000},
  publisher={Citeseer}
}

@misc{SatinderSingh,
  title = {Aula de Reinforcement Learning},
  howpublished = {\url{http://canberra06.mlss.cc/slides/Satinder-Singh.pdf}},
  note = {Accessed: 2017-09-21}
}

@misc{uniFreiburgDe,
  title = {Aula de Reinforcement Learning},
  howpublished = {\url{https://www.is.uni-freiburg.de/ressourcen/business-analytics/13_reinforcementlearning.pdf}},
  note = {Accessed: 2017-10-01}
}

@inproceedings{stolle2002learning,
  title={Learning options in reinforcement learning},
  author={Stolle, Martin and Precup, Doina},
  booktitle={International Symposium on Abstraction, Reformulation, and Approximation},
  pages={212--223},
  year={2002},
  organization={Springer}
}

@article{Sutton1999a,
  title={Between MDPs and semi-MDPs: A framework for temporal abstraction in reinforcement learning},
  author={Sutton, Richard S and Precup, Doina and Singh, Satinder},
  journal={Artificial intelligence},
  volume={112},
  number={1-2},
  pages={181--211},
  year={1999},
  publisher={Elsevier}
}

@journal{thesis600,
    author = {T.H. EUNAOTerminei},
    title = {Abs Isso},
    year = {1990},
    pages = 400
}
